<?xml version="1.0" encoding="UTF-8"?><collection xmlns="http://www.loc.gov/MARC21/slim"><record><leader>00461nam--2200169-i-4500</leader><controlfield tag="001">000010977</controlfield><controlfield tag="002">20161230</controlfield><controlfield tag="005">20170108122143</controlfield><controlfield tag="008">060222s1000------------r-----000-0-eng-d</controlfield><datafield ind1=" " ind2=" " tag="080"><subfield code="a">53O.L45(047.1)</subfield></datafield><datafield ind1=" " ind2=" " tag="100"><subfield code="a">Abarbanel, Henry D. I</subfield></datafield><datafield ind1=" " ind2=" " tag="245"><subfield code="a">Secondary trajectories in reggeon field theories</subfield></datafield><datafield ind1=" " ind2=" " tag="260"><subfield code="a">Batavia</subfield><subfield code="b">National Accelerator Laboratory</subfield><subfield code="c">1974</subfield></datafield><datafield ind1=" " ind2=" " tag="300"><subfield code="a">38 p.+ 3 Fig</subfield></datafield><datafield ind1=" " ind2=" " tag="490"><subfield code="a">74/33-thy</subfield></datafield><datafield ind1=" " ind2=" " tag="852"><subfield code="a">41186</subfield></datafield><datafield ind1=" " ind2=" " tag="CAT"><subfield code="a">SYS</subfield><subfield code="c">20170108</subfield><subfield code="h">122143</subfield></datafield></record></collection>